
%%%%%%%%%%%%%%%%%SIMPY%%%%%%%%%%%%%%%%%%%%%%%%%%%%%%%
@Online{NSAonPQ,
  author =       {Schneier on Security},
  title =        {NSA Plans for a Post-Quantum World},
  url =  {https://www.schneier.com/blog/archives/2015/08/nsa_plans_for_a.html},
  year =         {2015},
  month =        {},
  note =         {},
}


@Online{NSA,
  author =       {NSA},
  title =        {National Security Agency},
  url =  {https://www.nsa.gov},
  year =         {},
  month =        {},
  note =         {},
}

@Online{huawei5g,
  author =       {Huawei Technologies},
  title =        {White paper: Partnering with Industry for 5G Security Assurance},
  url =  {https://www-file.huawei.com/-/media/corporate/pdf/trust-center/huawei-5g-security-white-paper-4th.pdf},
  year =         {2019},
  month =        {},
  note =         {},
}

@article{TESLAuseACMNORM,
  title={The use of TESLA in the ALC and NORM Protocols},
  author={Roca, V and Francillon, A and Faurite, S},
  journal={IETF Work in progress},
  year={2007}
}

@Online{tinydtls,
  author =       {Olaf Bergmann},
  title =        {tinydtls: Eclipse Foundations},
  url =  {http://tinydtls.sourceforge.net/dtls_8c_source.html},
  year =         {2017},
  month =        {November},
  note =         {},
}

@inproceedings{SQRTPuzzle,
  title={Pricing via processing or combatting junk mail},
  author={Dwork, Cynthia and Naor, Moni},
  booktitle={Annual International Cryptology Conference},
  pages={139--147},
  year={1992},
  organization={Springer}
}

@article{caucusWinning,
  title={Winning the caucus race: Continuous leader election via public randomness},
  author={Azouvi, Sarah and McCorry, Patrick and Meiklejohn, Sarah},
  journal={arXiv preprint arXiv:1801.07965},
  year={2018}
}


@article{bonneau2015bitcoin,
  title={On Bitcoin as a public randomness source.},
  author={Bonneau, Joseph and Clark, Jeremy and Goldfeder, Steven},
  journal={IACR Cryptology ePrint Archive},
  volume={2015},
  pages={1015},
  year={2015}
}

@inproceedings{RandHound,
  title={Scalable bias-resistant distributed randomness},
  author={Syta, Ewa and Jovanovic, Philipp and Kogias, Eleftherios Kokoris and Gailly, Nicolas and Gasser, Linus and Khoffi, Ismail and Fischer, Michael J and Ford, Bryan},
  booktitle={2017 IEEE Symposium on Security and Privacy (SP)},
  pages={444--460},
  year={2017},
  organization={Ieee}
}

@article{Pierrot,
  title={Malleability of the blockchain’s entropy},
  author={Pierrot, C{\'e}cile and Wesolowski, Benjamin},
  journal={Cryptography and Communications},
  volume={10},
  number={1},
  pages={211--233},
  year={2018},
  publisher={Springer}
}

@article{Probabilistic,
  title={Probabilistic Smart Contracts: Secure Randomness on the Blockchain},
  author={Chatterjee, Krishnendu and Goharshady, Amir Kafshdar and Pourdamghani, Arash},
  journal={arXiv preprint arXiv:1902.07986},
  year={2019}
}

@inproceedings{Scrape,
  title={SCRAPE: Scalable randomness attested by public entities},
  author={Cascudo, Ignacio and David, Bernardo},
  booktitle={International Conference on Applied Cryptography and Network Security},
  pages={537--556},
  year={2017},
  organization={Springer}
}

@inproceedings{Yajam,
  title={Improvement on Bitcoin’s Verifiable Public Randomness with Semi-Trusted Delegates},
  author={Yajam, Habib and Ebadi, Elnaz and Badakhshan, MohammadTaghi and Akhaee, MohammadAli},
  booktitle={2018 9th International Symposium on Telecommunications (IST)},
  pages={53--57},
  year={2018},
  organization={IEEE}
}

@Online{Randao,
  author =       {randao.org},
  title =        {Randao: Veriﬁable Random Number Generation},
  url =  {https://www.randao.org/},
  year =         {2017},
  month =        {September},
  note =         {Accessed on October 3, 2019},
}

@Online{BitcoinWiki,
  author =       {BitcoinWiki},
  title =        {Difficulty},
  url =  {https://en.bitcoin.it/wiki/Difficulty},
  year =         {2019},
  month =        {November},
  note =         {Accessed on December 7, 2019},
}

@inproceedings{Pedersen,
  title={A threshold cryptosystem without a trusted %party},
  author={Pedersen, Torben Pryds},
  booktitle={Workshop on the Theory and Application of of Cryptographic Techniques},
  pages={522--526},
  year={1991},
  organization={Springer}
}








@MISC{roepkesurvey,
  author={Roepke, Rene and Thraem, Timo and Wagener, Johannes and Wiesmaier, Alex},
  year={2012},
  title={A Survey on Protocols securing the Internet of Things: DTLS, IPSec and IEEE 802.11 i},
  howpublished={\url {https://pdfs.semanticscholar.org/d691/571692cab2924d906c788e946722b9a4b90c.pdf}}
}


@book{kothmayr2013dtls,
  title={DTLS based security and two-way authentication for the Internet of Things},
  author={Kothmayr, Thomas and Schmitt, Corinna and Hu, Wen and Br{\"u}nig, Michael and Carle, Georg},
  journal={Ad Hoc Networks},
  volume={11},
  number={8},
  pages={2710--2723},
  year={2013},
  publisher={Elsevier}
}


@MISC{PQTLS,
  author={},
  year={},
  title={{PQ} {TLS} on {E}mbeeded {S}ystems},
  howpublished={\url {}}
}

@MISC{HybridOPCUA,
  author={},
  year={},
  title={Hybrid {OPCUA}:{E}nabling {PQ} {S}ecurity in {IIOT}},
  howpublished={\url {}}
}

@inproceedings{maleh2016enhanced,
  title={An enhanced {DTLS} protocol for {I}nternet of {T}hings applications},
  author={Maleh, Yassine and Ezzati, Abdellah and Belaissaoui, Mustapha},
  booktitle={2016 International {C}onference on {W}ireless Networks and Mobile Communications (WINCOM)},
  pages={168--173},
  year={2016},
  organization={IEEE}
}



@book{perrig2000efficient,
  title={Efficient authentication and signing of multicast streams over lossy channels},
  author={Perrig, Adrian and Canetti, Ran and Tygar, J Doug and Song, Dawn},
  booktitle={Security and Privacy, 2000. S\&P 2000. Proceedings. 2000 IEEE Symposium on},
  pages={56--73},
  year={2000},
  organization={IEEE}
}

@book{perrig2002tesla,
  title={The TESLA broadcast authentication protocol},
  author={Perrig, Adrian and Canetti, Ran and Tygar, J Doug and Song, Dawn},
  journal={Rsa Cryptobytes},
  volume={5},
  number={2},
  pages={2--13},
  year={2002},
  publisher={Citeseer}
}

@techreport{baugher2006use,
  title={The use of timed efficient stream loss-tolerant authentication (TESLA) in the secure real-time transport protocol (SRTP)},
  author={Baugher, M and Carrara, E},
  year={2006}
}

@inproceedings{karati2019k2sn,
  title={K2SN-MSS: An Efficient Post-Quantum Signature},
  author={Karati, Sabyasachi and Safavi-Naini, Reihaneh},
  booktitle={Proceedings of the 2019 ACM Asia Conference on Computer and Communications Security},
  pages={501--514},
  year={2019}
}


@inproceedings{jahanian2015TESLA_analysis,
  title={Analysis of TESLA protocol in vehicular ad hoc networks using timed colored Petri nets},
  author={Jahanian, Mohammad Hossein and Amin, Farshad and Jahangir, Amir Hossein},
  booktitle={2015 6th International Conference on Information and Communication Systems (ICICS)},
  pages={222--227},
  year={2015},
  organization={IEEE}
}

@MISC{PQ_TLS_on_Embeeded_Systems,
  author={},
  year={},
  title={PQ TLS on Embeeded Systems},
  howpublished={\url {}}
}

@misc{rescorla2006datagram,
  title={Datagram transport layer security},
  author={Rescorla, Eric and Modadugu, Nagendra and others},
  year={2006},
  publisher={RFC 4347, April}
}


@misc{rosenberg2002sip,
  title={SIP: Session initiation protocol},
  author={Rosenberg, Jonathan and Schulzrinne, Henning and Camarillo, Gonzalo and Johnston, Alan and Peterson, Jon and Sparks, Robert and Handley, Mark and Schooler, Eve and others},
  year={2002},
  publisher={RFC 3261, june}
}


@misc{kent1998rfc2401IPSEC,
  title={RFC2401: Security architecture for the internet protocol},
  author={Kent, Stephen and Atkinson, Randall},
  year={1998},
  publisher={RFC Editor}
}

@article{rescorla2018transport,
  title={The transport layer security (TLS) protocol version 1.3},
  author={Rescorla, Eric and Dierks, Tim},
  year={2018},
  publisher={RFC 8446, DOI 10.17487/RFC8446, August 2018,< https://www. rfc-editor. org~…}
}

@inproceedings{hussein2016securing,
  title={Securing Diameter: Comparing TLS, DTLS, and IPSec},
  author={Hussein, Ali and Elhajj, Imad H and Chehab, Ali and Kayssi, Ayman},
  booktitle={2016 IEEE International Multidisciplinary Conference on Engineering Technology (IMCET)},
  pages={1--8},
  year={2016},
  organization={IEEE}
}

@inproceedings{dos2015dtls,
  title={A DTLS-based security architecture for the Internet of Things},
  author={dos Santos, Giederson Lessa and Guimar{\~a}es, Vin{\'\i}cius Tavares and da Cunha Rodrigues, Guilherme and Granville, Lisandro Zambenedetti and Tarouco, Liane Margarida Rockenbach},
  booktitle={2015 IEEE Symposium on Computers and Communication (ISCC)},
  pages={809--815},
  year={2015},
  organization={IEEE}
}


@book{oppliger2016sslBook,
  title={SSL and TLS: Theory and Practice},
  author={Oppliger, Rolf},
  year={2016},
  publisher={Artech House}
}

@inproceedings{schneider2015towards,
  title={Towards 5G security},
  author={Schneider, Peter and Horn, G{\"u}nther},
  booktitle={2015 IEEE Trustcom/BigDataSE/ISPA},
  volume={1},
  pages={1165--1170},
  year={2015},
  organization={IEEE}
}


@book{boudriga2009security,
  title={Security of mobile communications},
  author={Boudriga, Noureddine},
  year={2009},
  publisher={CRC Press}
}


@online{NSA,
	author={},
	title={National Security Agency},
	howpublished={\url{https://www.nsa.gov}},
	note = {}}

%%%%%%%%%%%%%%%%SIMPY END%%%%%%%%%%%%%%%%%%%%%%%%%%%%%


%%%%%%%%%%%%%TEMPLATES%%%%%%%%%%%%%%%%%%%%%%%%%%%%%%%%%%%%
@techreport{,
  title={ },
  author={},
  note = {\url{}},
  year={}

},


@misc{,
     title={},
     howpublished = {\url{}},
     note = {Accessed on Date}
     }



@inproceedings{,
  title={},
  author={},
  booktitle={},
  pages={},
  year={},
  organization={}
}


@MISC{nest,
     author={Nest},
     year={2018},
     title={Works With Nest},
     howpublished = {\url{https://nest.com/ca/works-with-nest}},
     note =         {Accessed on May 2019},
}


@book{,
  title={},
  author={},
  year={},
  publisher={}
}


%%%%%%%%%%%%%%%%%END%%%%%%%%%%%%%%%%%%%%%%%%%%%%%%%%%%%
